<?xml version="1.0" encoding="UTF-8"?><record xmlns="http://www.loc.gov/MARC21/slim" xmlns:cinclude="http://apache.org/cocoon/include/1.0" xmlns:zs="http://www.loc.gov/zing/srw/">
  <leader>00414nz  a2200145n  4500</leader>
  <controlfield tag="001">n 2012201058</controlfield>
  <controlfield tag="003">DLC</controlfield>
  <controlfield tag="005">20121016075029.0</controlfield>
  <controlfield tag="008">121015n| acannaabn          |a aaa      </controlfield>
  <datafield tag="010" ind1=" " ind2=" ">
    <subfield code="a">n 2012201058</subfield>
  </datafield>
  <datafield tag="040" ind1=" " ind2=" ">
    <subfield code="a">DLC</subfield>
    <subfield code="b">eng</subfield>
    <subfield code="c">DLC</subfield>
  </datafield>
  <datafield tag="100" ind1="1" ind2=" ">
    <subfield code="a">Arif, Moch. Choirul</subfield>
  </datafield>
  <datafield tag="400" ind1="0" ind2=" ">
    <subfield code="a">Moch. Choirul Arif</subfield>
  </datafield>
  <datafield tag="400" ind1="1" ind2=" ">
    <subfield code="a">Arif, Mokh. Khoirul</subfield>
  </datafield>
  <datafield tag="670" ind1=" " ind2=" ">
    <subfield code="a">Barongsai dan pemaknaan budaya etnik, 2011:</subfield>
    <subfield code="b">t.p. (Moch. Choirul Arif, M. Fil. I.)</subfield>
  </datafield>
</record>